@Online{Slavik2022,
  howpublished  = {\textit{[online]}},
  year          = {Citováno 26. června 2022},
  title         = {{\textit{Kombinatorika}}},
  author        = {A. Slavík},
  note          = {Dostupné z: \url{https://www2.karlin.mff.cuni.cz/~slavik/kombinatorika/skripta-kombinatorika.pdf}},
}

@Book{MatousekNesetril2009,
  author    = {J. Matoušek a~J. Nešetřil},
  publisher = {Karolinum},
  title     = {Kapitoly z diskrétní matematiky},
  year      = {2009},
  address   = {Praha},
  isbn      = {978-80-246-1740-4},
  series    = {4., upr. a~dopl. vyd.},
}

@Book{HarrisHirstMossinghoff2010,
  place     = {New York},
  title     = {Combinatorics and graph theory},
  publisher = {Springer},
  author    = {Harris, John M. and Hirst, Jeffry L. and~Mossinghoff, Michael J.},
  year      = {2010},
  isbn      = {978-14-419-2723-1},
  series    = {Undergraduate Texts in~Mathematics}
}

@Book{Brualdi2018, 
  place     = {New York, NY},
  title     = {Introductory combinatorics},
  publisher = {Pearson/Prentice Hall},
  author    = {Brualdi, Richard A.},
  year      = {2018},
  isbn      = {978-71-112-6525-2},
  series    = {5th ed.},
}

@Online{Havrlant2022,
  howpublished  = {\textit{[online]}},
  year          = {Citováno 27. června 2022},
  title         = {{\textit{Matematika polopatě - Permutace}}},
  author        = {L. Havrlant},
  note          = {Dostupné z: \url{https://www.matweb.cz/permutace/}},
}